@article{Bernhard:2015hxa,
      author         = "Bernhard, Jonah E. and others",
      title          = "{Quantifying properties of hot and dense QCD matter
                        through systematic model-to-data comparison}",
      journal        = "Phys. Rev.",
      volume         = "C91",
      year           = "2015",
      number         = "5",
      pages          = "054910",
      doi            = "10.1103/PhysRevC.91.054910",
      eprint         = "1502.00339",
      archivePrefix  = "arXiv",
      primaryClass   = "nucl-th",
      SLACcitation   = "%%CITATION = ARXIV:1502.00339;%%"
}

@article{Bernhard:2016tnd,
      author         = "Bernhard, Jonah E. and Moreland, J. Scott and Bass,
                        Steffen A. and Liu, Jia and Heinz, Ulrich",
      title          = "{Applying Bayesian parameter estimation to relativistic
                        heavy-ion collisions: simultaneous characterization of the
                        initial state and quark-gluon plasma medium}",
      journal        = "Phys. Rev.",
      volume         = "C94",
      year           = "2016",
      number         = "2",
      pages          = "024907",
      doi            = "10.1103/PhysRevC.94.024907",
      eprint         = "1605.03954",
      archivePrefix  = "arXiv",
      primaryClass   = "nucl-th",
      SLACcitation   = "%%CITATION = ARXIV:1605.03954;%%"
}

@article{Moreland:2014oya,
      author         = "Moreland, J. Scott and Bernhard, Jonah E. and Bass,
                        Steffen A.",
      title          = "{Alternative ansatz to wounded nucleon and binary
                        collision scaling in high-energy nuclear collisions}",
      journal        = "Phys. Rev.",
      volume         = "C92",
      year           = "2015",
      number         = "1",
      pages          = "011901",
      doi            = "10.1103/PhysRevC.92.011901",
      eprint         = "1412.4708",
      archivePrefix  = "arXiv",
      primaryClass   = "nucl-th",
      SLACcitation   = "%%CITATION = ARXIV:1412.4708;%%"
}

@article{Schenke:2012wb,
      author         = "Schenke, Bjoern and Tribedy, Prithwish and Venugopalan,
                        Raju",
      title          = "{Fluctuating Glasma initial conditions and flow in heavy
                        ion collisions}",
      journal        = "Phys. Rev. Lett.",
      volume         = "108",
      year           = "2012",
      pages          = "252301",
      doi            = "10.1103/PhysRevLett.108.252301",
      eprint         = "1202.6646",
      archivePrefix  = "arXiv",
      primaryClass   = "nucl-th",
      SLACcitation   = "%%CITATION = ARXIV:1202.6646;%%"
}

@article{Niemi:2015qia,
      author         = "Niemi, H. and Eskola, K. J. and Paatelainen, R.",
      title          = "{Event-by-event fluctuations in a perturbative QCD +
                        saturation + hydrodynamics model: Determining QCD matter
                        shear viscosity in ultrarelativistic heavy-ion
                        collisions}",
      journal        = "Phys. Rev.",
      volume         = "C93",
      year           = "2016",
      number         = "2",
      pages          = "024907",
      doi            = "10.1103/PhysRevC.93.024907",
      eprint         = "1505.02677",
      archivePrefix  = "arXiv",
      primaryClass   = "hep-ph",
      SLACcitation   = "%%CITATION = ARXIV:1505.02677;%%"
}

@article{Liu:2015nwa,
      author         = "Liu, Jia and Shen, Chun and Heinz, Ulrich",
      title          = "{Pre-equilibrium evolution effects on heavy-ion collision
                        observables}",
      journal        = "Phys. Rev.",
      volume         = "C91",
      year           = "2015",
      number         = "6",
      pages          = "064906",
      doi            = "10.1103/PhysRevC.91.064906",
      eprint         = "1504.02160",
      archivePrefix  = "arXiv",
      primaryClass   = "nucl-th",
      SLACcitation   = "%%CITATION = ARXIV:1504.02160;%%"
}

@article{Shen:2014vra,
      author         = "Shen, Chun and Qiu, Zhi and Song, Huichao and Bernhard,
                        Jonah and Bass, Steffen and Heinz, Ulrich",
      title          = "{The iEBE-VISHNU code package for relativistic heavy-ion
                        collisions}",
      journal        = "Comput. Phys. Commun.",
      volume         = "199",
      year           = "2016",
      pages          = "61-85",
      doi            = "10.1016/j.cpc.2015.08.039",
      eprint         = "1409.8164",
      archivePrefix  = "arXiv",
      primaryClass   = "nucl-th",
      SLACcitation   = "%%CITATION = ARXIV:1409.8164;%%"
}

@article{Bazavov:2014pvz,
      author         = "Bazavov, A. and others",
      title          = "{Equation of state in ( 2+1 )-flavor QCD}",
      collaboration  = "HotQCD",
      journal        = "Phys. Rev.",
      volume         = "D90",
      year           = "2014",
      pages          = "094503",
      doi            = "10.1103/PhysRevD.90.094503",
      eprint         = "1407.6387",
      archivePrefix  = "arXiv",
      primaryClass   = "hep-lat",
      reportNumber   = "BNL-105928-2014-JA",
      SLACcitation   = "%%CITATION = ARXIV:1407.6387;%%"
}

@article{Pratt:2010jt,
      author         = "Pratt, Scott and Torrieri, Giorgio",
      title          = "{Coupling Relativistic Viscous Hydrodynamics to Boltzmann
                        Descriptions}",
      journal        = "Phys. Rev.",
      volume         = "C82",
      year           = "2010",
      pages          = "044901",
      doi            = "10.1103/PhysRevC.82.044901",
      eprint         = "1003.0413",
      archivePrefix  = "arXiv",
      primaryClass   = "nucl-th",
      SLACcitation   = "%%CITATION = ARXIV:1003.0413;%%"
}

@article{Dusling:2011fd,
      author         = "Dusling, Kevin and Sch√§fer, Thomas",
      title          = "{Bulk viscosity, particle spectra and flow in heavy-ion
                        collisions}",
      journal        = "Phys. Rev.",
      volume         = "C85",
      year           = "2012",
      pages          = "044909",
      doi            = "10.1103/PhysRevC.85.044909",
      eprint         = "1109.5181",
      archivePrefix  = "arXiv",
      primaryClass   = "hep-ph",
      SLACcitation   = "%%CITATION = ARXIV:1109.5181;%%"
}

@article{Aamodt:2010cz,
      author         = "Aamodt, Kenneth and others",
      title          = "{Centrality dependence of the charged-particle
                        multiplicity density at mid-rapidity in Pb-Pb collisions
                        at $\sqrt{s_{NN}}=2.76$ TeV}",
      collaboration  = "ALICE",
      journal        = "Phys. Rev. Lett.",
      volume         = "106",
      year           = "2011",
      pages          = "032301",
      doi            = "10.1103/PhysRevLett.106.032301",
      eprint         = "1012.1657",
      archivePrefix  = "arXiv",
      primaryClass   = "nucl-ex",
      reportNumber   = "CERN-PH-EP-2010-071",
      SLACcitation   = "%%CITATION = ARXIV:1012.1657;%%"
}

@article{Abelev:2013vea,
      author         = "Abelev, Betty and others",
      title          = "{Centrality dependence of $\pi$, K, p production in Pb-Pb
                        collisions at $\sqrt{s_{NN}}$ = 2.76 TeV}",
      collaboration  = "ALICE",
      journal        = "Phys. Rev.",
      volume         = "C88",
      year           = "2013",
      pages          = "044910",
      doi            = "10.1103/PhysRevC.88.044910",
      eprint         = "1303.0737",
      archivePrefix  = "arXiv",
      primaryClass   = "hep-ex",
      reportNumber   = "CERN-PH-EP-2013-019",
      SLACcitation   = "%%CITATION = ARXIV:1303.0737;%%"
}

@article{Adam:2015ptt,
      author         = "Adam, Jaroslav and others",
      title          = "{Centrality dependence of the charged-particle
                        multiplicity density at midrapidity in Pb-Pb collisions at
                        $\sqrt{s_{\rm NN}}$ = 5.02 TeV}",
      collaboration  = "ALICE",
      journal        = "Phys. Rev. Lett.",
      volume         = "116",
      year           = "2016",
      number         = "22",
      pages          = "222302",
      doi            = "10.1103/PhysRevLett.116.222302",
      eprint         = "1512.06104",
      archivePrefix  = "arXiv",
      primaryClass   = "nucl-ex",
      reportNumber   = "CERN-PH-EP-2015-324, ALICE-PUBLIC-2015-008",
      SLACcitation   = "%%CITATION = ARXIV:1512.06104;%%"
}

@article{Adam:2016izf,
      author         = "Adam, Jaroslav and others",
      title          = "{Anisotropic flow of charged particles in Pb-Pb
                        collisions at $\sqrt{s_{\rm NN}}=5.02$ TeV}",
      collaboration  = "ALICE",
      journal        = "Phys. Rev. Lett.",
      volume         = "116",
      year           = "2016",
      number         = "13",
      pages          = "132302",
      doi            = "10.1103/PhysRevLett.116.132302",
      eprint         = "1602.01119",
      archivePrefix  = "arXiv",
      primaryClass   = "nucl-ex",
      reportNumber   = "CERN-EP-2016-018",
      SLACcitation   = "%%CITATION = ARXIV:1602.01119;%%"
}
